<record><leader>00000cas a22000007a 4500</leader><controlfield tag="001">9541102</controlfield><controlfield tag="008">830524d18521853ohudn ne      0    0eng d</controlfield><datafield ind1=" " ind2=" " tag="010"><subfield code="a">sn 83035140 </subfield></datafield><datafield ind1=" " ind2=" " tag="040"><subfield code="a">NPY</subfield><subfield code="b">eng</subfield><subfield code="c">NPY</subfield><subfield code="d">DLC</subfield><subfield code="d">ONP</subfield><subfield code="d">OCL</subfield><subfield code="d">OCLCF</subfield><subfield code="d">OCLCO</subfield></datafield><datafield ind1="1" ind2=" " tag="029"><subfield code="a">AU@</subfield><subfield code="b">000020227542</subfield></datafield><datafield ind1=" " ind2=" " tag="042"><subfield code="a">msc</subfield></datafield><datafield ind1="0" ind2="0" tag="245"><subfield code="a">Morning daily true Democrat.</subfield></datafield><datafield ind1="1" ind2="0" tag="246"><subfield code="a">Morning true Democrat</subfield></datafield><datafield ind1="1" ind2="3" tag="246"><subfield code="a">Cleveland true Democrat</subfield></datafield><datafield ind1=" " ind2=" " tag="260"><subfield code="a">Cleveland, [Ohio] :</subfield><subfield code="b">Thomas Brown,</subfield><subfield code="c">1852-1853.</subfield></datafield><datafield ind1=" " ind2=" " tag="300"><subfield code="a">v.</subfield></datafield><datafield ind1=" " ind2=" " tag="310"><subfield code="a">Daily (except Sun.)</subfield></datafield><datafield ind1="0" ind2=" " tag="362"><subfield code="a">Vol. 6, no. 1 (Jan. 1, 1852)-v. 7, no. 236 (Oct. 14, 1853).</subfield></datafield><datafield ind1=" " ind2=" " tag="525"><subfield code="a">Supplements accompany some issues.</subfield></datafield><datafield ind1=" " ind2="0" tag="651"><subfield code="a">Cleveland (Ohio)</subfield><subfield code="v">Newspapers.</subfield></datafield><datafield ind1=" " ind2="0" tag="651"><subfield code="a">Cuyahoga County (Ohio)</subfield><subfield code="v">Newspapers.</subfield></datafield><datafield ind1=" " ind2="7" tag="655"><subfield code="a">Newspapers.</subfield><subfield code="2">fast</subfield><subfield code="0">(OCoLC)fst01423814</subfield></datafield><datafield ind1=" " ind2="7" tag="651"><subfield code="a">Ohio</subfield><subfield code="z">Cleveland.</subfield><subfield code="2">fast</subfield><subfield code="0">(OCoLC)fst01205966</subfield></datafield><datafield ind1=" " ind2="7" tag="651"><subfield code="a">Ohio</subfield><subfield code="z">Cuyahoga County.</subfield><subfield code="2">fast</subfield><subfield code="0">(OCoLC)fst01202752</subfield></datafield><datafield ind1=" " ind2=" " tag="752"><subfield code="a">United States</subfield><subfield code="b">Ohio</subfield><subfield code="c">Cuyahoga</subfield><subfield code="d">Cleveland.</subfield></datafield><datafield ind1="0" ind2=" " tag="775"><subfield code="t">Weekly true Democrat (Cleveland, Ohio : 1852)</subfield><subfield code="w">(DLC)sn 83035134</subfield></datafield><datafield ind1="0" ind2="0" tag="780"><subfield code="t">Daily true Democrat</subfield><subfield code="w">(DLC)sn 83035139</subfield></datafield><datafield ind1="0" ind2="7" tag="785"><subfield code="t">Daily Forest City</subfield><subfield code="w">(DLC)sn 83035141</subfield></datafield><datafield ind1="0" ind2="7" tag="785"><subfield code="t">Daily Forest City Democrat</subfield><subfield code="w">(DLC)sn 83035142</subfield></datafield></record>